
@article{sahoo2021multiple,
  title={Multiple features based approach for automatic fake news detection on social networks using deep learning},
  author={Sahoo, Somya Ranjan and Gupta, Brij B},
  journal={Applied Soft Computing},
  volume={100},
  pages={106983},
  year={2021},
  publisher={Elsevier}
}
@article{Kumar,
author = {Kumar, Sachin and Asthana, Rohan and Upadhyay, Shashwat and Upreti, Nidhi and Akbar, Mohammad},
title = {Fake news detection using deep learning models: A novel approach},
volume = {31},
number = {2},
pages = {e3767},
doi = {https://doi.org/10.1002/ett.3767},
url = {https://onlinelibrary.wiley.com/doi/abs/10.1002/ett.3767},
eprint = {https://onlinelibrary.wiley.com/doi/pdf/10.1002/ett.3767},
note = {e3767 ETT-19-0216.R1},
year = {2020}
}
@article{abdullah2020fake,
  title={Fake news classification bimodal using convolutional neural network and long short-term memory},
  author={Abdullah, A and Awan, M and Shehzad, M and Ashraf, M},
  journal={Int. J. Emerg. Technol. Learn},
  volume={11},
  pages={209--212},
  year={2020}
}
@article{aslam2021fake,
  title={Fake detect: A deep learning ensemble model for fake news detection},
  author={Aslam, Nida and Ullah Khan, Irfan and Alotaibi, Farah Salem and Aldaej, Lama Abdulaziz and Aldubaikil, Asma Khaled},
  journal={complexity},
  volume={2021},
  pages={1--8},
  year={2021},
  publisher={Hindawi Limited}
}
@article{choudhary2021linguistic,
  title={Linguistic feature based learning model for fake news detection and classification},
  author={Choudhary, Anshika and Arora, Anuja},
  journal={Expert Systems with Applications},
  volume={169},
  pages={114171},
  year={2021},
  publisher={Elsevier}
}

@article{shu2020fakenewsnet,
  title={Fakenewsnet: A data repository with news content, social context, and spatiotemporal information for studying fake news on social media},
  author={Shu, Kai and Mahudeswaran, Deepak and Wang, Suhang and Lee, Dongwon and Liu, Huan},
  journal={Big data},
  volume={8},
  number={3},
  pages={171--188},
  year={2020},
  publisher={Mary Ann Liebert, Inc., publishers 140 Huguenot Street, 3rd Floor New~â€¦}
}

@misc{esrc,
  title = {Using Social Media},
  howpublished = {\url{https://esrc.ukri.org/research/impact-toolkit/social-media/using-social-media}},
  note = {Economic and Social Research Council}
}
@misc{gil2019,
  author = {Gil, P.},
  title  = {What Exactly Is Twitter?},
  year   = {2019},
  month  = {April 22},
  url    = {https://www.lifewire.com/what-exactly-is-twitter-2483331},
}
@article{tandoc2017,
  author = {Tandoc Jr, E. C. and others},
  title = {Defining Fake News: A Typology of Scholarly Definitions},
  journal = {Digital Journalism},
  year = {2017},
  pages = {1--17}
}

@misc{fake-news,
    author = {ISOT Fake News Dataset},
    title = {Fake News},
    publisher = {Kaggle},
    year = {2018},
    url = {https://www.kaggle.com/datasets/emineyetm/fake-news-detection-datasets}
}

@inproceedings{radianti2016,
  author = {Radianti, J. and others},
  title = {An Overview of Public Concerns During the Recovery Period after a Major Earthquake: Nepal Twitter Analysis},
  booktitle = {HICSS '16 Proceedings of the 2016 49th Hawaii International Conference on System Sciences (HICSS)},
  year = {2016},
  pages = {136--145},
  organization = {IEEE}
}





